4575 6017
313 838 386 985 ru
430 838 660 987 ruam
705 772 1277 991 ouurrrcrrr'ours
1318 840 1386 987 n
1431 830 1707 990 arnna
1753 844 1816 990 r.

657 1092 728 1209 dd
764 1090 1121 1219 teruderinus
1159 1088 1480 1212 Oaudetaron·
1546 1155 1612 1211 .;

396 1548 651 1659 emaum
686 1494 957 1665 aruursod
992 1552 1198 1666 nonnae
1232 1549 1464 1708 aaron
1498 1494 1758 1720 drumm.

264 1768 413 1837 Sacerdos
445 1755 585 1854 procedit
602 1775 638 1840 ed
670 1777 907 1843 benedicendum
930 1779 1051 1843 Cande—
1169 1778 1198 1843 A
1220 1796 1277 1861 pap
1299 1778 1383 1842 viasr
1405 1775 1586 1860 gyertyikat
1606 1776 1955 1859 suentelenddmztiipi·

183 1850 248 1929 las,
271 1853 302 1917 in
324 1854 657 1935 momenmentum,
680 1861 728 1924 vei
751 1863 787 1924 ad
811 1864 910 1927 Cornu
930 1864 1051 1943 Episto·
1087 1862 1163 1925 stola
1185 1862 1305 1925 oldaldn
1327 1861 1367 1925 iil
1387 1879 1476 1944 meg,
1503 1867 1546 1922 ott
1568 1878 1586 1923 a
1605 1860 1777 1928 irdvetketd
1800 1855 1956 1936 Oratidirat

182 1932 230 1995 lae
253 1936 387 2017 positas,
417 1948 448 2006 et
479 1942 544 2023 ipse
566 1944 675 2006 ibidem
706 1952 789 2009 stans
811 1964 917 2011 versus
939 1946 977 2011 ad
997 1946 1052 2011 Al·
1088 1944 1217 2026 moudja.

180 2023 266 2098 tare,
289 2018 360 2083 dieit
380 2034 542 2105 sequentes
566 2026 737 2091 Orationes.
1063 1960 1080 2101 Η

280 2204 446 2281 Dominus
471 2210 660 2286 vobiscum.
686 2214 730 2287 R.
755 2216 801 2288 Et
827 2234 903 2286 eum
930 2216 1051 2311 spiritu
1078 2222 1148 2287 tuo.
1174 2275 1180 2288 s

282 2326 440 2403 Dromas.
467 2332 611 2407 Domine
642 2338 785 2428 Sancte,
813 2340 915 2410 Peter
940 2348 1006 2411 eto.
1032 2358 1094 2434 per
1122 2336 1231 2407 omnio
1260 2334 1400 2410 saeculo
1428 2332 1653 2409 saeculorum.
1682 2335 1727 2408 Pe
1752 2335 1874 2409 Amen.

283 2450 440 2525 Oremus.
470 2453 690 2551 Omnipotens
720 2462 924 2553 sempitomo
948 2462 1065 2553 Deus,
1091 2465 1157 2530 ete.
1185 2460 1254 2533 Per
1280 2455 1422 2528 eundem
1447 2458 1558 2531 Duum
1582 2464 1736 2527 nostmm
1768 2455 1812 2528 R.
1832 2458 1956 2531 Amen.

284 2572 441 2647 Oremus.
467 2578 608 2649 Domine
620 2579 703 2652 Jesu
721 2580 869 2672 christe,
879 2582 941 2653 lux
963 2604 1048 2655 vera
1067 2588 1132 2652 eto.
1147 2600 1210 2674 per
1238 2580 1347 2651 omnia
1377 2577 1514 2652 saecuta
1539 2575 1959 2652 suscensendum.

284 2696 441 2768 Oremus.
473 2697 693 2792 Omnipotens
719 2705 924 2797 sempiterne
950 2704 1058 2795 Deus,
1081 2703 1137 2795 qui
1162 2720 1225 2795 per
1248 2698 1406 2795 Moysem
1433 2709 1498 2772 eto.
1526 2702 1592 2771 Per
1615 2698 1737 2771 Duum.
1767 2698 1810 2770 R.
1837 2697 1958 2771 Arnen.

285 2814 440 2889 Oremus.
466 2816 609 2890 Domine
623 2820 706 2895 Jesu
721 2822 869 2917 Christe,
883 2827 940 2921 qui
965 2824 1126 2899 hodierna
1145 2821 1199 2893 dio
1217 2830 1284 2895 eto.
1297 2843 1361 2917 per
1386 2823 1494 2895 omnia
1515 2818 1653 2895 saecula
1672 2839 1763 2894 eaeo.
1783 2819 1827 2892 R.
1838 2818 1961 2892 Amen.

268 2981 373 3047 Finitis
406 2983 619 3075 Orationibus,
652 2989 813 3055 Celebrans
842 2999 889 3055 ter
924 2992 1057 3075 aspergit
1174 2986 1259 3052 Ezeir
1274 2982 1672 3071 vegeztevelagyertyiirat
1693 2986 1962 3067 hiromszormeg·

188 3064 334 3131 Candeles
365 3086 440 3149 aqua
462 3067 638 3147 benediota;
667 3082 698 3135 et
731 3092 798 3136 eum
819 3076 984 3159 incoeperit
1004 3092 1055 3137 eas
1093 3073 1167 3135 hinti
1188 3072 1316 3135 suentelt
1336 3069 1452 3148 rinnel,
1475 3074 1510 3132 es
1532 3068 1634 3131 middn
1654 3088 1672 3131 e
1695 3067 1962 3151 gyertyikatosz·

188 3149 380 3233 distribuere,
398 3170 416 3215 a
437 3152 537 3215 Chore
559 3161 694 3219 cantatur
715 3174 848 3239 sequens
869 3158 1056 3243 Antiphone:
1093 3156 1216 3241 togatjta,
1238 3170 1257 3217 a
1276 3154 1339 3219 liar
1359 3152 1431 3217 iltal
1451 3148 1635 3217 duokoltetilr
1656 3168 1693 3215 ea
1713 3151 1901 3234 Antiphona:

830 3382 1322 3481 Antiphone.

188 3598 1664 3650 .-—¹—

189 3643 392 3688 ..ι-
416 3649 576 3693 -
600 3646 1899 3699 --'-'—-¹-

264 3806 451 3883 Lu-men
487 3811 529 3883 ad
577 3817 858 3889 re-ve·la-
900 3819 925 3889 ti
958 3838 1182 3890 -o-nem
1244 3838 1363 3910 gen·
1400 3813 1488 3883 ti·
1528 3833 1607 3904 um,
1761 3821 1798 3883 oi

197 3997 1321 4054 m*—

189 4025 201 4037 t

189 4043 486 4087 ἒ...-
509 4050 601 4094 Ι-
626 4053 992 4095 ...τ-
1015 4053 1321 4098 —

488 4091 509 4134 Ι
532 4095 1197 4142 -..ιι-ι...-
1221 4099 1321 4140 -

287 4206 528 4303 glo-ri-em
590 4211 748 4305 ple-his
805 4225 938 4289 tu·ae
993 4216 1250 4291 I-sra-el.

270 4345 388 4411 Deinde
410 4348 469 4411 duo
491 4349 636 4415 cantores
656 4353 791 4417 intonant
812 4353 974 4420 Oentioum.
1071 4352 1086 4439 11
1180 4353 1299 4419 Azutdn
1319 4350 1374 4417 ket
1394 4334 1513 4416 Enokid
1534 4350 1652 4415 olkezdi
1672 4368 1691 4411 o
1709 4344 1868 4410 Vorseket.

191 4523 1841 4668 :fflmm--p

198 4730 298 4805 Nune
311 4730 653 4808 di-mit-tisservum
666 4746 783 4810 tuum
823 4743 1014 4816 Do-mi-ne
1035 4740 1058 4784 ⁴*
1089 4737 1429 4819 seeundumverbum
1455 4745 1549 4808 tuum
1585 4736 1622 4807 in
1644 4754 1792 4831 paee„

273 4870 390 4933 chorus
410 4874 519 4953 repetit
541 4870 724 4953 „1naraen.“
1064 4881 1079 4965 ΙΙ
1175 4879 1288 4945 Aiiar
1308 4875 1417 4943 ismdtli
1439 4872 1620 4958 „anss
1749 4958 1757 4967 ⁴

174 5034 1968 5228 ·—
305 5063 1863 5202 ....-.--...·.·-···.-·..==-···.....=.-·-..=.·=·÷

269 5267 398 5355 Qui-a
457 5269 953 5353 vi-de-runto-eu-li
998 5274 1200 5352 me-it*
1263 5275 1571 5352 sa-lu·ta·re
1633 5280 1783 5346 tu-um.

273 5402 390 5469 Chorus
412 5408 519 5491 repetit
540 5406 723 5489 ,Dammf‘
1070 5414 1086 5502 Η
1183 5413 1288 5481 Akar
1307 5414 1417 5480 isnetti
1438 5408 1619 5494 „lmmm.“

285 5526 443 5573 mannaan
463 5532 621 5579 moseum.
1748 5495 1769 5568 1
1802 5533 1804 5537 ’
