4575 6017
337 669 554 766 Omnipotens
583 673 786 769 sempiterne
812 674 927 763 Deus,
955 674 988 747 in
1015 676 1111 765 cajus
1138 691 1235 742 manu
1261 676 1340 743 sont
1366 676 1432 741 etc.
1468 670 1537 743 Per
1562 670 1680 742 Dnum.
1709 668 1751 741 R
1777 670 1898 744 Amen.

440 775 610 863 Oremus,
637 785 672 845 et
699 797 761 868 pro
787 774 1034 849 catechumenis
1060 778 1187 849 nostris
1212 783 1277 845 etc.
1305 770 1442 845 Christo
1466 771 1550 844 Jesu
1574 771 1717 843 Domino
1742 781 1870 843 nostro.
1968 833 1972 839 .

539 876 691 949 Oremus.
743 876 936 949 Fleetamus
966 900 1085 971 genua.
1138 874 1180 947 R.
1209 876 1346 947 Levate

342 977 561 1069 Omnipotens
588 978 791 1070 sempiterne
816 979 936 1067 Dens,
964 982 1019 1073 qni
1045 976 1234 1051 Ecclesiam
1260 985 1351 1047 tuam
1373 982 1439 1046 etc.
1464 975 1531 1047 Per
1556 974 1676 1046 Dnum.
1699 973 1742 1045 R.
1769 974 1889 1047 Amen.

437 1077 580 1151 Oremus
607 1077 813 1150 dilectissimi
841 1080 969 1169 nobis,
1017 1078 1125 1151 Deum
1152 1077 1287 1148 Patrem
1312 1086 1379 1148 etc.
1429 1083 1562 1167 portum
1587 1074 1706 1148 salutis
1732 1070 1915 1169 indulgeat.

308 1252 312 1259 ,
535 1179 688 1251 Oremus.
742 1180 934 1255 Fleetamus
961 1200 1080 1273 genua.
1134 1178 1176 1249 tt.
1203 1178 1342 1250 Levate.

339 1280 557 1373 Omnipotens
582 1282 787 1374 sempiterne
813 1285 930 1371 Deus,
956 1292 1163 1352 moestorum
1190 1278 1378 1351 consolatio
1404 1284 1468 1347 etc.
1497 1278 1564 1351 Per
1588 1275 1708 1351 Dnum.
1756 1278 1800 1354 tt.
1827 1279 1947 1354 Amen.

436 1380 581 1453 Oremus
607 1392 640 1452 et
669 1403 731 1475 pro
760 1382 940 1455 haereticis
967 1392 1002 1453 et
1028 1381 1248 1453 schismaticis
1275 1387 1339 1451 etc.
1370 1400 1536 1452 revocare
1559 1380 1728 1473 dignetur.

528 1484 672 1557 Oramus
733 1484 926 1556 Fleetamus
954 1504 1075 1576 genua.
1128 1481 1169 1553 tt.
1196 1482 1336 1554 Levato.

331 1584 551 1677 Omnipotens
577 1584 782 1675 sempiterne
808 1586 926 1675 Deus,
961 1586 1015 1677 qui
1043 1581 1159 1655 salvas
1186 1601 1301 1654 omues
1327 1591 1393 1653 etc.
1419 1583 1487 1656 Per
1515 1583 1699 1653 Dominum.
1731 1582 1775 1654 R.
1801 1585 1921 1657 Amen.

431 1686 572 1759 Oremus
601 1694 636 1757 et
664 1706 726 1781 pro
754 1684 888 1781 perfidis
913 1684 1049 1758 Judaeis
1075 1694 1131 1755 etc
1168 1684 1284 1755 Jasum
1312 1682 1482 1755 Christum
1508 1682 1684 1755 Dominum
1710 1694 1872 1756 nostrum.

323 1822 391 1887 Non
411 1824 609 1908 respondetur
629 1821 735 1903 Amen,
759 1824 813 1887 aed
834 1826 932 1888 statim
954 1823 1069 1899 dicitur.
1116 1826 1131 1897 11
1176 1822 1251 1885 Nem
1275 1819 1424 1888 mondatik
1445 1818 1557 1903 Amen,
1578 1820 1806 1887 hanemtoaatn
1821 1822 2001 1906 ioiptattatik

337 1952 481 2025 Oremus
507 1955 710 2047 sempiterne
735 1951 853 2039 Deus,
880 1954 935 2045 qui
961 1952 1059 2022 etiam
1084 1948 1256 2025 Judaicam
1282 1947 1453 2045 perfidiam
1478 1958 1543 2021 etc.
1573 1951 1641 2024 Per
1666 1952 1788 2025 Ouum.
1814 1953 1856 2025 R.
1880 1954 2001 2029 Amen.

442 2053 584 2126 Oremus
611 2062 645 2123 et
673 2074 734 2145 pro
761 2054 901 2146 paganis
915 2102 929 2141 ,-
949 2062 986 2123 ut
1015 2054 1107 2125 Oeus
1136 2052 1355 2145 Omnipotens
1380 2060 1437 2122 etc
1470 2059 1504 2123 et
1529 2054 1703 2127 Dominum
1726 2062 1890 2127 namnum.

536 2153 690 2225 Oremus.
742 2152 935 2225 Fleetamus
962 2175 1081 2245 genua.
1132 2152 1174 2224 R.
1202 2152 1342 2224 Levate.

336 2253 555 2348 Omnipotens
568 2256 773 2348 sempiterne
784 2254 892 2345 Deus,
903 2256 960 2346 qui
973 2276 1038 2326 non
1052 2261 1195 2326 mortem
1206 2262 1499 2348 peccatorumetc.
1514 2252 1707 2325 PerOnum.
1717 2256 1868 2329 nomntt.
1879 2259 2000 2335 Amen.

318 2391 478 2475 completis
490 2390 682 2457 Orationibus
696 2392 842 2456 Sacerdos
863 2394 893 2455 in
905 2392 1088 2473 CornuEpi·
1215 2390 1262 2453 Aa
1291 2389 1415 2475 Oratidir
1441 2391 1656 2473 beadgectdrei
1684 2411 1702 2455 a
1725 2392 1784 2475 Pap
1813 2412 1849 2456 aa
1869 2396 2002 2478 Epistola

235 2476 330 2549 stolae
353 2486 451 2553 stans,
474 2477 598 2539 Crucem
617 2484 819 2561 praeparatam
838 2478 867 2539 in
887 2494 990 2539 manus
1005 2494 1089 2539 sum·
1153 2474 1401 2538 otdatanatmn.
1424 2494 1460 2539 az
1480 2474 1537 2538 oda
1558 2474 1698 2538 kdszitett
1717 2474 1869 2541 keresztet
1887 2478 2003 2543 incedite

237 2564 420 2662 {niteatque
441 2578 527 2623 versa
554 2560 633 2659 iacis
652 2563 690 2625 ad
723 2560 860 2663 populum
897 2562 1087 2679 ἀίεοοορρςίξῖ
1154 2558 1428 2706 νωῑί,έὶῗῖ1ἑῗζξα,
1443 2562 1526 2705 ἕξεί
1541 2560 2003 2710 iiiatiii⁶ciirciiff⁸sire¹haemi

236 2642 1118 2811 ttfttttttt:titttttt'tniittt'ttttztn.
1153 2662 1387 2806 titania,
1406 2689 1485 2790 t’n
1501 2663 1677 2791 nardum
1697 2693 1904 2811 anicani:
1928 2667 2003 2794 nin.
2082 2718 2088 2726 ·

237 2813 323 2877 attius
342 2830 461 2896 semper
478 2813 624 2875 elevando
642 2830 756 2877 vocem.
999 2816 1002 2823 ’
1068 2860 1070 2867 .
1115 2810 1130 2894 ΙΙ
1153 2810 1214 2894 ddg
1230 2809 1353 2873 ientebb
1367 2810 1499 2895 trangon.

805 2918 1354 3074 'Antiphonm

276 3450 280 3458 ⁵
335 3356 449 3429 Ecce
488 3355 509 3425 ii
545 3395 564 3408 ·
593 3375 694 3447 gnum
739 3376 799 3425 cru
833 3392 857 3409 -
884 3356 960 3446 cis,
1072 3356 1105 3425 in
1140 3375 1208 3448 quo
1305 3377 1343 3427 sa
1375 3354 1472 3425 -ius
1511 3355 1658 3427 mun-di
1783 3378 1852 3453 pe-

358 3752 424 3827 pon
454 3768 478 3785 ·
507 3728 565 3800 dit.
595 3726 742 3801 edoma.
771 3726 817 3797 R.
846 3727 988 3800 Ve-ni
1019 3764 1042 3782 -
1070 3735 1129 3820 te,
1232 3748 1297 3797 a·
1322 3727 1455 3800 do-re
1504 3769 1524 3783 -
1565 3748 1652 3801 mus.

319 3848 389 3911 Post
407 3849 512 3911 trinam
524 3848 735 3911 intonationem
751 3846 900 3909 Sacerdos
918 3844 1001 3909 solus
1016 3848 1086 3927 pori
1219 3847 1336 3911 Azutdn
1356 3866 1372 3909 a
1392 3845 1451 3929 Pap
1479 3864 1565 3928 maga
1598 3847 1672 3909 visai
1693 3865 1710 3909 a
1730 3843 1882 3910 ireresztet
1900 3848 2004 3913 ani·

175 4002 180 4019 ,
234 3942 277 3997 tat
303 3932 428 3997 Crucem
450 3930 505 3995 ·ad
526 3932 622 3993 iocum
645 3937 713 3992 ante
737 3930 840 3993 ditare
870 3938 1087 4012 praeparatum,
1155 3934 1202 3997 tdr
1223 3931 1340 4007 eicite,
1361 3932 1396 3993 ds
1419 3930 1582 4010 terdirajtva
1601 3929 1722 4011 janula
1743 3928 1865 3993 itereszt
1892 3933 2005 3995 imddd·

236 4026 266 4082 ct
307 4014 461 4079 enuiiexus
475 4013 589 4077 accedit
612 4012 647 4077 ad
660 4013 838 4076 adorandam
850 4016 983 4076 crucem.
1001 4014 1087 4075 rom·
1156 4016 1269 4080 adhoc:
1291 4032 1391 4097 ugyan
1411 4022 1461 4077 ent
1479 4010 1630 4076 teendika
1652 4014 1747 4095 segdd
1771 4012 1909 4097 azotgtin
1932 4019 2006 4079 esa

204 4094 217 4163 .’
236 4036 353 4165 mnium
374 4099 499 4161 ministri
509 4097 632 4173 Alteras,
642 4096 750 4159 deinde
768 4098 817 4158 atii
828 4097 933 4177 Qierici
957 4106 988 4159 et
1006 4096 1088 4159 Laici
1154 4104 1224 4182 nep.
1242 4135 1280 4145 —
1312 4098 1358 4162 Aa
1378 4098 1449 4160 atatt
1471 4100 1575 4180 mega
1597 4096 1717 4159 kereazt
1733 4095 1876 4160 cantatos
1898 4106 2005 4168 tarta

234 4202 354 4248 crucem
376 4183 509 4245 adorant.
522 4216 559 4225 —
581 4180 698 4243 interim
718 4180 786 4242 dum
807 4181 840 4243 tit
859 4180 992 4243 adoratio
1012 4181 1087 4243 Cru-
1155 4184 1216 4247 iiar
1235 4183 1304 4247 ditat
1327 4179 1508 4245 caetettmtk
1533 4178 1680 4260 „repete
1701 4188 1814 4240 ηιατυς(
1831 4178 1853 4241 4
1875 4179 2003 4264 hangba.

236 4272 300 4345 cis,
322 4274 476 4331 cantantur
496 4266 526 4327 in
547 4262 645 4326 cnoro
668 4262 924 4343 improparta-
939 4260 1088 4345 „Popula

235 4360 348 4415 meue“
368 4370 386 4413 a
403 4358 528 4431 quatuor
548 4346 683 4423 vocibus,
707 4364 863 4428 quousque
888 4349 983 4410 durat.
1386 4388 1390 4396 ·

321 4435 355 4511 ln
389 4430 611 4497 Parochiaiibus
640 4444 713 4492 vero
737 4431 903 4509 Ecclesiis,
936 4434 965 4499 in
994 4432 1092 4495 iocum
1208 4433 1244 4515 ‚A
1259 4426 1628 4515 Ptetantaegpttzatptao
1645 4428 1734 4513 pedig
1753 4428 2006 4495 amondottdneir

237 4518 449 4603 Impar-operia
471 4516 585 4579 canitur
604 4516 729 4580 usitatur
754 4514 889 4597 Hymnus
908 4524 940 4579 ut
960 4514 1047 4581 inira.
1155 4514 1269 4601 helyett
1288 4516 1486 4581 eneircitetiin:
1508 4511 1585 4589 „Eu
1606 4516 1802 4573 κατεῖπ’
1820 4517 1892 4578 mint
1905 4514 2003 4587 aldith,

718 4686 1011 4783 improperia
1036 4706 1066 4761 a
1091 4687 1298 4781 quatuor
1322 4684 1532 4759 vocibus.

549 4827 657 4898 stagno
675 4827 757 4880 molto
769 4841 867 4896 caprea.

259 5000 271 5022 .
345 4928 507 5015 Soprunc.
579 4928 676 5016 7³„
708 4994 729 5014 ,
819 4986 839 5004 „
878 4934 898 4960 ”
963 4932 983 5010 ‘j

579 5021 663 5050 ῘΙΛΙῚἊΙ
