4575 6017
1976 392 2037 480 dd

899 590 1387 671 Petimuszl.

354 738 449 814 Deus
474 740 567 813 Deus
594 761 707 832 mens,
741 739 876 835 respice
910 740 944 811 iu
971 758 1044 812 ma:
1080 760 1187 833 quare
1222 758 1277 809 me
1312 736 1554 833 dereliquisti?
1596 734 1618 777 ⁴*
1644 737 1745 833 laage
1773 760 1792 808 a
1820 738 1931 811 salute
1959 758 2035 815 mea

255 860 364 934 rerba
389 861 587 935 delictorum
612 882 775 935 meorum.
901 926 904 929 .

356 984 450 1057 Deus
477 1004 571 1059 meus
597 982 749 1057 elamabo
782 1003 846 1079 per
872 980 981 1077 diem,
1007 993 1042 1055 et
1069 1002 1141 1057 non
1163 979 1348 1054 exaudies:
1385 978 1407 1021 ⁴*
1433 989 1468 1053 et
1495 990 1620 1074 nocte,
1647 990 1682 1052 et
1709 1002 1777 1053 non
1801 980 1843 1053 ad
1869 981 2034 1077 insipien-

255 1105 335 1176 tiam
361 1106 449 1179 mibi.

359 1227 412 1299 Τιι
438 1236 550 1299 autam
576 1230 610 1300 ia
637 1226 766 1301 Sancto
791 1224 944 1318 habitas;
971 1223 993 1266 ⁴*
1017 1226 1107 1300 Laus
1132 1224 1253 1299 lsrael.

356 1350 396 1423 ln
423 1360 458 1423 te
485 1358 713 1447 speraverant
738 1357 855 1445 patres
880 1350 1013 1422 nostri:
1040 1344 1063 1387 '⁵
1091 1356 1343 1443 sperauerant,
1367 1358 1402 1422 et
1429 1348 1580 1423 liberasti
1600 1348 1676 1423 eos,

355 1472 411 1545 Ad
440 1481 474 1543 te
499 1440 756 1562 clamardum,
791 1479 827 1541 et
853 1470 942 1543 salvi
966 1469 1047 1542 laeti
1072 1478 1173 1545 sunt:
1202 1467 1223 1510 ⁴*
1249 1474 1283 1545 in
1309 1482 1344 1543 te
1370 1483 1612 1568 speraverunt,
1638 1483 1673 1546 et
1698 1496 1765 1547 non
1790 1484 1868 1548 sunt
1892 1470 2034 1545 eoniusi.

355 1593 433 1687 Ego
460 1602 571 1665 autem
598 1612 672 1665 snm
699 1592 851 1683 vermis,
880 1602 916 1664 et
943 1612 1010 1665 non
1035 1591 1156 1664 homo:
1183 1588 1206 1634 *
1232 1590 1450 1687 opprobrium
1477 1593 1658 1683 bominum,
1686 1606 1723 1668 et
1749 1594 1895 1689 abjectio
1911 1593 2033 1691 plebis.

358 1714 483 1787 Omnes
509 1713 667 1787 uidentes
693 1732 773 1799 me,
800 1713 992 1788 deriserunt
1020 1735 1094 1786 mo:
1121 1710 1142 1753 ⁴*
1166 1711 1271 1785 locuti
1292 1722 1372 1787 sunt
1397 1712 1519 1807 labiis,
1544 1726 1580 1787 et
1605 1728 1787 1789 mouerunt
1812 1725 1926 1809 capnt.

358 1834 520 1932 Speravit
546 1837 580 1909 in
605 1836 761 1921 Domino,
787 1836 909 1931 eripiat
935 1856 1029 1908 eum:
1058 1834 1078 1874 ¹*
1106 1833 1240 1907 salvum
1266 1832 1497 1928 ladislaum,
1524 1840 1680 1930 quoniam
1709 1841 1784 1911 uult
1808 1858 1894 1908 earu.

358 1956 524 2045 Quoniam
552 1967 587 2031 tn
614 1979 666 2050 es,
687 1959 744 2053 qui
767 1958 951 2029 extraxisti
976 1978 1029 2027 me
1054 1955 1097 2029 de
1123 1964 1265 2028 ventre:
1292 1953 1313 1995 ³
1339 1978 1420 2053 spes
1448 1978 1522 2030 mea
1548 1961 1590 2035 ab
1614 1960 1775 2032 uberibus
1799 1962 1917 2031 matris
1929 1980 2034 2050 meae.

356 2080 395 2153 ln
436 2090 470 2153 te
505 2080 681 2176 projeetus
709 2100 783 2152 sum
813 2099 860 2149 ex
887 2086 1006 2150 utero:
1042 2077 1085 2148 de
1122 2085 1243 2150 ventre
1268 2079 1385 2150 matris
1412 2101 1509 2152 meae
1533 2083 1628 2155 Deus
1666 2102 1761 2155 meus
1788 2102 1828 2154 es
1855 2089 1910 2152 tu:
1946 2075 1963 2109 ¹²
1991 2101 2031 2151 ne

257 2198 458 2274 discesseris
485 2223 505 2272 a
530 2222 594 2273 me.

357 2321 523 2410 Quoniam
551 2322 722 2397 tribulatio
751 2324 906 2419 proxima
930 2332 1007 2398 est:
1039 2320 1060 2363 ⁴
1089 2326 1246 2422 quoniam
1273 2347 1340 2400 nou
1365 2335 1419 2398 est
1446 2328 1503 2421 qui
1531 2325 1682 2421 adjuvat.

356 2422 656 2497 Circumdederunt
682 2445 735 2495 me
762 2424 860 2497 uituli
887 2424 1005 2499 multi:
1032 2422 1055 2465 *
1079 2425 1167 2499 tauri
1194 2428 1336 2521 pingues
1366 2425 1572 2499 obsederunt
1598 2448 1662 2501 me.

353 2549 575 2641 Aparuerunt
600 2566 705 2643 super
731 2566 785 2617 me
810 2568 852 2623 os
878 2564 995 2622 suum:
1022 2542 1046 2593 *
1073 2550 1163 2623 siout
1189 2549 1245 2622 leo
1270 2549 1405 2644 rapiens
1430 2556 1471 2619 et·
1495 2549 1644 2643 rugiens¹

354 2665 452 2741 Siout
478 2690 566 2764 aqua
591 2666 718 2742 emmas
747 2688 845 2741 snm:
871 2665 893 2711 ⁴*
921 2679 958 2745 et
987 2669 1142 2765 dispersa
1168 2680 1248 2760 sunt
1275 2673 1385 2745 omnia
1411 2692 1493 2747 ossa
1520 2691 1607 2745 mea.

354 2790 496 2866 Factum
520 2798 574 2865 est
605 2811 666 2863 aar
693 2810 803 2862 meum
833 2799 1001 2888 tamquam
1026 2813 1108 2865 aera
1134 2790 1369 2889 linquesoens:
1398 2790 1415 2825 *
1442 2796 1477 2866 in
1502 2790 1613 2864 medio
1638 2793 1771 2867 ventris
1797 2793 1873 2868 mei

359 2912 462 2987 Arnit
496 2920 664 3008 tamquam
703 2919 792 2986 testa
817 2913 929 2989 virtus
955 2933 1055 3007 mea,
1092 2921 1128 2987 et
1153 2914 1267 3008 lingua
1293 2935 1367 2987 mea
1392 2913 1545 2989 adhaesit
1569 2911 1723 2987 lancibus
1749 2916 1858 2988 meis:
1886 2910 1910 2959 *
1934 2916 2027 2989 etin

256 3032 434 3129 puluerem
461 3034 581 3107 mortis
608 3031 778 3109 deduxisti
805 3054 870 3106 me.
1517 3058 1522 3067 ·

357 3154 523 3244 Quoniam
546 3152 842 3229 circumdederunt
868 3174 922 3227 me
951 3176 1053 3231 osnes
1080 3156 1196 3229 multk
1235 3158 1258 3205 *
1284 3158 1462 3230 oonoilium
1487 3159 1738 3253 malignantium
1764 3154 1898 3231 obsedit
1921 3178 1987 3232 me.

356 3275 530 3351 Foderunt
555 3295 673 3349 manus
699 3295 815 3369 meas,
850 3286 886 3349 at
911 3276 1017 3374 pedes
1043 3298 1163 3353 meos:
1189 3276 1212 3321 ⁴*
1237 3277 1535 3352 dinumeraverunt
1560 3280 1670 3353 omnia
1696 3300 1778 3354 ossa
1804 3298 1879 3351 mea
1916 3288 1984 3353 eto.

351 3396 492 3493 Antipb.
542 3399 742 3474 ltiviserunt
780 3398 844 3473 sibi
872 3402 1074 3474 vestimenta
1097 3420 1197 3491 mea,
1223 3408 1258 3473 et
1280 3420 1386 3495 snper
1410 3408 1545 3473 restem
1571 3420 1680 3473 meam
1701 3402 1865 3475 miserunt
1891 3410 2029 3475 sortem.

883 3600 957 3676 Ad
984 3600 1208 3677 lotionem
1235 3601 1414 3696 pedum.

983 3744 1017 3818 Α
1045 3743 1098 3818 lab
1126 3744 1309 3820 mostsndl.

344 3912 415 3977 l’ost
436 3914 664 3979 denudationem
684 3912 840 3993 bituriam,
851 3912 1000 3993 Pontifex,
1023 3914 1119 3979 Prae·
1247 3915 1295 3981 Aa
1326 3910 1451 3979 Oltlrok
1476 3909 1644 3979 letabarbsa
1674 3916 1745 3978 utdn
1767 3934 1785 3978 a
1807 3915 1944 4000 turpat,
1974 3916 2035 3982 Fd·

262 4000 339 4063 latus
362 3998 411 4062 uel
432 3998 575 4082 Superior
596 3999 712 4061 secedit
733 3999 771 4061 ad
793 3998 932 4061 lotionem
952 3996 1072 4079 pedum,
1086 4005 1118 4061 et
1183 4016 1252 4145 paq5
1269 4016 1349 4082 unqu
1371 3994 1478 4061 sonat
1497 3996 1576 4077 jurat
1597 4016 1615 4061 a
1637 3998 1687 4061 tab
1708 4001 1882 4077 mordebar,
1904 4000 2031 4065 saetam

261 4085 357 4166 primo
391 4100 409 4145 a
437 4082 571 4146 Diaoono
604 4082 751 4145 mutanda
785 4080 894 4146 dieitur
927 4081 1120 4164 Evangelium
1186 4102 1203 4146 a
1253 4082 1377 4145 iaeonus
1398 4081 1467 4143 attat
1488 4080 1639 4143 mundatrix
1661 4100 1697 4144 az
1718 4082 1801 4147 Euan
1824 4082 1913 4147 elium
1927 4082 2034 4160 ‚Auta

260 4164 376 4238 „Ante
396 4160 528 4229 Fertur·
551 4162 721 4229 Porclaa‘
736 4182 796 4245 quo
822 4164 906 4228 linito
927 4165 1006 4227 lavat
1026 4166 1120 4248 pedes
1183 4161 1312 4229 Festum
1321 4161 1492 4227 ΡιιιιΙιιιικι
1504 4165 1582 4243 metu
1595 4166 1665 4229 utin
1687 4184 1787 4231 massa
1802 4102 1939 4231 {theim
1954 4184 2032 4230 sorra

262 4266 317 4333 per
338 4250 475 4312 ordinem
495 4249 667 4348 dispositis:
683 4281 724 4294 -
745 4251 860 4312 interea
883 4247 999 4312 chorus
1021 4256 1119 4313 cantat
1185 4246 1345 4328 uzalensi,
1367 4246 1418 4312 tit
1440 4248 1497 4310 oda
1519 4246 1706 4323 readelrelrr
1729 4284 1769 4296 -
1791 4267 1828 4312 an
1848 4249 1921 4313 elatt
1940 4268 1959 4313 a
1978 4251 2032 4315 ilar

259 4340 421 4414 sequentes
477 4332 665 4415 Antrpbonas
713 4328 934 4406 ‚Mutudurum
980 4343 1108 4393 oroorrm‘
1145 4342 1160 4431 p
1185 4331 1284 4396 euelli
1315 4351 1334 4396 a
1366 4330 1536 4395 ladretlaezd
1572 4330 1794 4411 Antiphondlrat
1820 4330 2036 4413 „Mandatum

259 4433 415 4498 quousque
439 4418 509 4481 lotio
532 4416 628 4480 durat.
1145 4417 1160 4501 qt
1186 4422 1325 4477 rraeaaw‘
1348 4415 1468 4499 meddig
1490 4435 1507 4478 a
1528 4418 1628 4479 mosas
1649 4422 1717 4478 tart.

897 4566 1384 4713 Antiphonm

258 4781 2033 4968 W

339 5014 582 5088 idun-da-tum
609 5034 735 5087 nouum
773 5011 817 5087 do
868 5016 987 5089 vobis:
1080 5027 1117 5088 ut
1143 5016 1208 5087 di·
1223 5017 1401 5111 li-ga·tis
1429 5017 1625 5110 inuicem,
1697 5016 1812 5089 siout
1835 5013 1965 5086 di·le-

258 5184 1145 5393 W

324 5417 362 5489 xi
388 5436 483 5506 vos,
559 5416 592 5487 di
613 5420 695 5491 -cit
722 5420 838 5491 Domi
858 5438 931 5493 nus.
